[gd_scene load_steps=8 format=2]

[ext_resource path="res://Board.gd" type="Script" id=1]
[ext_resource path="res://Deck.tscn" type="PackedScene" id=2]
[ext_resource path="res://MainDeck.tscn" type="PackedScene" id=3]
[ext_resource path="res://4Final.tscn" type="PackedScene" id=4]
[ext_resource path="res://Xolonium-Regular.ttf" type="DynamicFontData" id=5]
[ext_resource path="res://Path.tscn" type="PackedScene" id=6]

[sub_resource type="DynamicFont" id=1]
size = 20
font_data = ExtResource( 5 )

[node name="Board" type="Node2D"]
script = ExtResource( 1 )

[node name="Decks" type="Node2D" parent="."]

[node name="Deck1" parent="Decks" instance=ExtResource( 2 )]
position = Vector2( 114.894, 212.522 )

[node name="Deck2" parent="Decks" instance=ExtResource( 2 )]
position = Vector2( 234.894, 212.522 )

[node name="Deck3" parent="Decks" instance=ExtResource( 2 )]
position = Vector2( 354.894, 212.522 )

[node name="Deck4" parent="Decks" instance=ExtResource( 2 )]
position = Vector2( 474.894, 212.522 )

[node name="Deck5" parent="Decks" instance=ExtResource( 2 )]
position = Vector2( 594.894, 212.522 )

[node name="Deck6" parent="Decks" instance=ExtResource( 2 )]
position = Vector2( 714.894, 212.522 )

[node name="Deck7" parent="Decks" instance=ExtResource( 2 )]
position = Vector2( 834.894, 212.522 )

[node name="MainDeck" parent="." instance=ExtResource( 3 )]
position = Vector2( -3.43323e-05, 4.57764e-05 )

[node name="4Final" parent="." instance=ExtResource( 4 )]
position = Vector2( 387.63, 65.46 )

[node name="Reshuffle" type="Button" parent="."]
margin_left = 908.86
margin_top = 5.0
margin_right = 1022.86
margin_bottom = 75.0
custom_fonts/font = SubResource( 1 )
text = "reshuffle"
__meta__ = {
"_edit_use_anchors_": false
}

[node name="Path" parent="." instance=ExtResource( 6 )]

[node name="Win" type="Button" parent="."]
margin_left = 280.601
margin_top = 334.372
margin_right = 603.601
margin_bottom = 576.372
text = "WIN"
__meta__ = {
"_edit_use_anchors_": false
}
[connection signal="pressed" from="Reshuffle" to="." method="_on_Button_pressed"]
[connection signal="pressed" from="Win" to="." method="win"]
